@misc{
    jsettlers,
    title = "JSettlers project page",
    author = "Chad McHenry and Robert Thomas",
    howpublished = "Website",
    note = {\url{http://sourceforge.net/projects/jsettlers/files/}}
}
@misc{
    pioneers,
    author = "Dave Cole and Andy Heroff and Roland Clobus and Roman Hodek and Steve Langasek",
    title = "Pioneers project page",
    howpublished = "Website",
    note = {\url{http://pio.sourceforge.net/}}
}
